
@Book{Ching2012,
	title = {Electronic Structure Methods for Complex Materials: The Orthogonalized Linear Combination of Atomic Orbitals},
	isbn = {978-0-19-957580-0},
	shorttitle = {Electronic {Structure} {Methods} for {Complex} {Materials}},
	url = {http://www.oxfordscholarship.com/view/10.1093/acprof:oso/9780199575800.001.0001/acprof-9780199575800},
	urldate = {2023-07-17},
	publisher = {Oxford University Press},
	author = {Ching, Wai-Yim and Rulis, Paul},
	month = may,
	year = {2012},
	doi = {10.1093/acprof:oso/9780199575800.001.0001},
}

@Article{Thompson2015,
    author = {Thompson, Aidan P. and Swiler, Laura P. and Trott, Christian R. and Foiles, Stephen M. and Tucker, Garritt J.},
    title = {A Spectral Analysis Method for Automated Generation of Quantum Accurate Interatomic Potentials} ,
    url = {http://arxiv.org/abs/1409.3880},
    journal = {Journal of Computational Physics},
    year = {2015}
}
@Misc{Fiedler2022,
    author = {Fiedler, Lenz and Modine, Normand A. and Schmerler, Steve and Vogel, Dayton J. and Popoola, Gabriel A. and Thompson, Aidan P. and Rajamanickam, Sivasankaran and Cangi, Attila},
	title = {Predicting Electronic Structures at Any Length {Scale} with Machine Learning},
	url = {http://arxiv.org/abs/2210.11343},
	urldate = {2023-06-12},
	publisher = {arXiv},
	year = {2022},
}

@Misc{Bartok2020,
	title = {Gaussian Approximation Potentials: A Brief Tutorial Introduction},
	shorttitle = {Gaussian Approximation Potentials},
	url = {http://arxiv.org/abs/1502.01366},
	urldate = {2023-06-12},
	publisher = {arXiv},
	author = {Bartók, Albert P. and Csányi, Gábor},
	month = feb,
	year = {2020},
}

@Techreport{Bishop1994,
    author = {Bishop, Christopher M.},
    title =  {Mixture Density Networks},
    institution ={Aston University} ,
    year = {1994}
}